<?xml version="1.0" encoding="UTF-8"?><collection xmlns="http://www.loc.gov/MARC21/slim"><record><leader>00413nam--2200121-i-4500</leader><controlfield tag="001">000049452</controlfield><controlfield tag="002">20161230</controlfield><controlfield tag="005">20161230201047</controlfield><controlfield tag="008">060222s1000------------r-----000-0-eng-d</controlfield><datafield ind1=" " ind2=" " tag="080"><subfield code="a">061.3:621.38</subfield></datafield><datafield ind1=" " ind2=" " tag="245"><subfield code="a">Processus electroniques simples et multiples du domaine x et x-uv. paris, 21-25 septembre 1980</subfield></datafield><datafield ind1=" " ind2=" " tag="260"><subfield code="a">Paris, Editions Du Centre National De La Recherche Scientifique, 1971, Vii +/Pag.Dif.</subfield></datafield><datafield ind1=" " ind2=" " tag="852"><subfield code="a">36583</subfield></datafield></record></collection>